@misc{omalley2019kerastuner,
  title        = {KerasTuner},
  author       = {O'Malley, Tom and Bursztein, Elie and Long, James and Chollet, François and Jin, Haifeng and Invernizzi, Luca e outros},
  year         = 2019,
  howpublished = {\url{https://github.com/keras-team/keras-tuner}}
}

@article{sable2024cnn,
  title        = {Classification of Image using Convolutional Neural Network (CNN)},
  author       = {Sable, A. V. and Patil, Avantika and Rathi, Mayur and Shriwas, Ayush},
  journal      = {International Journal for Research in Applied Science \& Engineering Technology (IJRASET)},
  volume       = {12},
  number       = {IV},
  year         = 2024,
  issn         = {2321-9653},
  url          = {http://www.ijraset.com},
}

@book{gonzalez2010processamento,
  title        = {Processamento digital de imagens},
  author       = {Gonzalez, Rafael C. and Woods, Richard E.},
  edition      = {3},
  year         = 2010,
  publisher    = {Pearson},
  address      = {São Paulo},
  pages        = {641},
  note         = {321 f.}
}

@misc{maia2024curso,
  author       = {Maia, Helton},
  title        = {Curso de Visão Computacional com Machine Learning},
  year         = 2024,
  howpublished = {\url{https://heltonmaia.com/computervision/chapters/ch1/ch1.html}},
  note         = {Acesso em: 8 jul. 2024},
  address      = {Natal, RN}
}
